<?xml version="1.0" encoding="UTF-8"?><collection xmlns="http://www.loc.gov/MARC21/slim"><record><leader>00455nam--2200169-i-4500</leader><controlfield tag="001">000041045</controlfield><controlfield tag="002">20161230</controlfield><controlfield tag="005">20170111002627</controlfield><controlfield tag="008">060222s1000------------r-----000-0-eng-d</controlfield><datafield ind1=" " ind2=" " tag="080"><subfield code="a">621.37:621.38</subfield></datafield><datafield ind1=" " ind2=" " tag="100"><subfield code="a">Searle, Campbell L</subfield></datafield><datafield ind1=" " ind2=" " tag="245"><subfield code="a">Electronic principles. Physics, models and circuits</subfield></datafield><datafield ind1=" " ind2=" " tag="260"><subfield code="a">New York</subfield><subfield code="b">John Wiley &amp; Sons, Inc</subfield><subfield code="c">1969</subfield></datafield><datafield ind1=" " ind2=" " tag="300"><subfield code="a">XXIII+1016 p</subfield></datafield><datafield ind1=" " ind2=" " tag="700"><subfield code="a">Gray, Paul E</subfield></datafield><datafield ind1=" " ind2=" " tag="852"><subfield code="a">32560</subfield></datafield><datafield ind1=" " ind2=" " tag="CAT"><subfield code="a">SYS</subfield><subfield code="c">20170111</subfield><subfield code="h">002627</subfield></datafield></record></collection>